

@ARTICLE{0,
        author = {Jacques Moergenstern},
        title = "How to compute fast a function and all its derivatives",
        journal = "ACM SIGACT News",
        volume = "16",
        year = "1985",
        pages = "60-62"
} 

@ARTICLE{1,
        author = {Walter Baur; Volker Strassen},
        title = "The Complexity of Partial Derivatives",
        journal = "Theoretical Computer Science",
        volume = "22",
        year = "1983",
        pages = "317-330"
} 
