@ARTICLE{1,
        author = "Christophe P. Bernard; Stéphane G. Mallat; Jean-Jacques Slotine",
        title = "Scattered Data Interpolation with Wavelet Trees",
        journal = "Curve and Surface Fitting, Saint-Malo",
        year = "2002",
        pages = "1--3",
} 

@article{2,
        author = "Christophe Bernard",
        title = "Wavelets and ill posed problems: optic flow and scattered data interpolation",
        journal = "PhD Thesis",
        pages = "151--228",
        year = "2001"
}

@article{3,
        author = "G. Deslauriers; S.Dubuc",
        title = "Interpolation dyadique",
        journal = "Fractales, dimensions non entières et applications",
        pages = "44-55",
        year = "1987"
}

@article{4,
        author = "G. Deslauriers; S.Dubuc",
        title = "Symmetric iterative interpolation processes",
        journal = "Constructive approximation",
        volume = "5",
        pages = "49--68",
        year = "1989"
}
