@ARTICLE{1,
        author = "Pierre Saramito",
        title = "Operator Splitting in Viscoelasticity",
        journal = "ESAIM: Proceedings",
        volume = "2",
        year = "1997",
        pages = "275--281",
} 

@article{2,
        author = "Pierre Saramito; Ibrahim Cheddadi",
        title = "A new operator splitting algorithm for elastoviscoplastic flow problems",
        journal = "Journal of Non-Newtonian Fluid Mechanics",
        volume = "202",
        pages = "13--21",
        year = "2013"
}
